%%% ====================================================================
%%%  BibTeX-file{
%%%     author          = "David Rhead",
%%%     version         = "1.00",
%%%     date            = "17 Feb 1990",
%%%     time            = "17:00 GMT",
%%%     filename        = "test.bib",
%%%     address         = "Cripps Computing Centre,
%%%                        University of Nottingham,
%%%                        University Park,
%%%                        Nottingham,
%%%                        NG7 2RD,
%%%                        United Kingdom",
%%%     telephone       = "+44 602 484848 Ext 2670",
%%%     FAX             = "+44 602 588138",
%%%     checksum        = "05151 839 2908 25082",
%%%     email           = "David_Rhead at uk.ac.nott.vme (JANET)",
%%%     codetable       = "ISO/ASCII",
%%%     keywords        = "bibliography, citation, references",
%%%     supported       = "no",
%%%     docstring       = "This BibTeX database file contains entries
%%%                        designed for testing whether a BibTeX style
%%%                        file lays references out as recommended by
%%%                        certain authorities.  (Note, however, that
%%%                        the BS 1629 examples are from the 1976
%%%                        edition.  The file needs updating to use
%%%                        examples from the 1989 edition instead.)
%%%
%%%                        The checksum field above contains a CRC-16
%%%                        checksum as the first value, followed by the
%%%                        equivalent of the standard UNIX wc (word
%%%                        count) utility output of lines, words, and
%%%                        characters.  This is produced by Robert
%%%                        Solovay's checksum utility.",
%%%  }
%%% ====================================================================


%% @COMMENT{Some standard works describing conventions for citations
%%      and bibliographies}



@InProceedings{martin90,
  author = 	 {Martin, L.E.},
  title = 	 {Knowledge Extraction.},
  booktitle = 	 {Proceedings of the Twelfth Annual Conference of the Cognitive Science Society},
  OPTcrossref =  {},
  OPTkey = 	 {},
  OPTpages = 	 {252--262},
  OPTyear = 	 {},
  OPTeditor = 	 {},
  OPTvolume = 	 {},
  OPTnumber = 	 {},
  OPTseries = 	 {},
  OPTaddress = 	 {Hillsdale, NJ},
  OPTmonth = 	 {},
  OPTorganization = {},
  OPTpublisher = {},
  OPTnote = 	 {},
  OPTannote = 	 {}
}

@Techreport{bs-6371,
  author =       "BSI",
  title =        "Citation of unpublished documents",
  institution =  "British Standards Institution",
  year =         "1983",
  type =         "BS",
  number =       "6371",
}

@Book{butcher-81,
  title =        "Copy-editing",
  author =       "Judith Butcher",
  publisher =    "Cambridge University Press",
  year =         "1981",
  edition =      "2nd",
}

@Book{chicago-82,
  title =        "The {C}hicago Manual of Style",
  author =       "`Chicago'",
  year =         "1982",
  publisher =    "University of Chicago Press",
  edition =      "13th",
}

%% @COMMENT{Some examples taken from the document describing BS 5605}

@Article{pedersen,
  author =       "T. Pedersen",
  title =        "A Simple Approach to Building Ensembles of Naive Bayesian Classifiers for Word Sense Disambiguation",
  journal =      "Proceeding Proceedings of the 1st North American chapter of the Association for Computational Linguistics conference",
  year =         "2000",
}

@Article{gale-etc,
  author =       "W. Gale and K. Church and D. Yarowsky",
  title =        "A method for disambiguating word senses in a large corpus.",
  journal =      "Computers and the Humanities",
  year =         "1992",
}

@Article{buscaldi-etc,
  author =       "D. Buscaldi and P. Rosso and F. Pla and E. Segarra and E. Sanchis Arnal",
  title =        "Verb Sense Disambiguation Using Support Vector Machines: Impact of WordNet-Extracted Features.",
  journal =      "Int. Conf. on Comput. Linguistics and Intelligent Text Processing",
  year =         "2006",
}

@Article{lee-etc,
  author =       "Y. K. Lee and H.T. Ng and T.K. Chia",
  title =        "Disambiguation with Support Vector Machines and Multiple Knowledge Sources.",
  journal =      "Third International Workshop on the Evaluation of Systems for the Semantic Analysis of Text",
  year =         "2004",
}

@Book{wsd,
  title =        "Word Sense Disambiguation: Algorithms and Applications",
  author =       "E. Agirre and P. Edmonds",
  year =         "2007",
  publisher =    "Springer",
  edition =      "1st",
}
